@TechReport{tsl2591_datasheet,
	author = {Adafruit Industries},
	title = {TSL2591 Datasheet - Apr. 2013 - ams163.5},
	institution = {Adafruit},
	year = {2013},
	url = {https://cdn-shop.adafruit.com/datasheets/TSL25911_Datasheet_EN_v1.pdf},
}

@TechReport{ir_datasheet,
	author = {Fairchild Semiconductor Corporation},
	title = {PHOTOTRANSISTOR REFLECTIVE OBJECT SENSOR},
	institution = {Fairchild Semiconductor Corporation},
	year = {2002},
	url = {https://www.sparkfun.com/datasheets/Sensors/QRB1114.pdf},
}

@ONLINE {light_spectrum,
    author = "Horst Frank / Phrood / Anony",
    title  = "Electromagnetic Wave Spectrum. Colorimetrically more correct version of Image:Electromagnetic spectrum.svg, based on Image:Spectrum-sRGB-low.svg",
    year   = "15 Feb 2005 / 13 Jan 2008 / 17 Mar 2008",
    url    = "https://upload.wikimedia.org/wikipedia/commons/1/15/Electromagnetic_spectrum_c.svg"
}

@ONLINE {sensor_ir_schaltung,
    author = "Adafruit Industries",
    title  = "Beispielhafte Verwendung des IRs",
    url    = "https://cdn-shop.adafruit.com/product-files/2349/pid2349.png"
}

@ONLINE {sensor_ir_description,
    author = "Adafruit Industries",
    title  = "Reflective IR Sensor with 470 and 10K Resistors",
    url    = "https://www.adafruit.com/product/2349"
}

@Online{unwucht_wiki:2011,
    author = "Prof. Werner Maurer",
    title = "Unwucht",
    year = "2011",
    url = "http://systemdesign.ch/wiki/Unwucht"
}

@Online{vibromatrix:2007,
    author = "Dipl.-Ing. Thomas Olschewski",
    title = "Dynamisches Propellerauswuchten",
    year = "2007",
    url = "http://www.innomic.com/fileadmin/IDS-FILES/VibroMatrix/VibroMatrix_Doku_Auswuchten.pdf"
}
